
@inproceedings{data,
  title={Assistments dataset from multiple randomized controlled experiments},
  author={Selent, Douglas and Patikorn, Thanaporn and Heffernan, Neil},
  booktitle={Proceedings of the Third (2016) ACM Conference on Learning@ Scale},
  pages={181--184},
  year={2016},
  organization={ACM}
}

@article{gelmanMultiple,
  title={Why we (usually) don't have to worry about multiple comparisons},
  author={Gelman, Andrew and Hill, Jennifer and Yajima, Masanao},
  journal={Journal of Research on Educational Effectiveness},
  volume={5},
  number={2},
  pages={189--211},
  year={2012},
  publisher={Taylor \& Francis}
}

@article{stigler,
  title={The 1988 Neyman memorial lecture: a Galtonian perspective on shrinkage estimators},
  author={Stigler, Stephen M},
  journal={Statistical Science},
  pages={147--155},
  year={1990},
  publisher={JSTOR}
}

@article{testBed,
  title={The ASSISTments Ecosystem: Building a platform that brings scientists and teachers together for minimally invasive research on human learning and teaching},
  author={Heffernan, Neil T and Heffernan, Cristina Lindquist},
  journal={International Journal of Artificial Intelligence in Education},
  volume={24},
  number={4},
  pages={470--497},
  year={2014},
  publisher={Springer}
}

@Misc{rstanarm,
    title = {rstanarm: {Bayesian} applied regression modeling via {Stan}.},
    author = {{Stan Development Team}},
    note = {R package version 2.13.1},
    year = {2016},
    url = {http://mc-stan.org/},
  }


@Manual{rcite,
    title = {R: A Language and Environment for Statistical Computing},
    author = {{R Core Team}},
    organization = {R Foundation for Statistical Computing},
    address = {Vienna, Austria},
    year = {2016},
    url = {https://www.R-project.org/},
  }

@book{gelmanHill,
  title={Data analysis using regression and multilevel/hierarchical models},
  author={Gelman, Andrew and Hill, Jennifer},
  year={2006},
  publisher={Cambridge university press}
}

@inproceedings{stein,
  address = "Berkeley, Calif.",
  author = "Stein, Charles",
  booktitle = "Proceedings of the Third Berkeley Symposium on Mathematical  Statistics and Probability, Volume 1: Contributions to the Theory of      Statistics",
  pages = "197--206",
  publisher = "University of California Press",
  title = "Inadmissibility of the Usual Estimator for the Mean of a Multivariate Normal Distribution",
  url = "https://projecteuclid.org/euclid.bsmsp/1200501656",
  year = "1956"
}

@article{efron1977stein,
  title={Stein's paradox in statistics},
  author={Efron, Bradley and Morris, Carl},
  journal={Scientific American},
  volume={236},
  number={5},
  pages={119--127},
  year={1977},
  publisher={JSTOR}
}

@article{galton,
  title={Regression towards mediocrity in hereditary stature.},
  author={Galton, Francis},
  journal={The Journal of the Anthropological Institute of Great Britain and Ireland},
  volume={15},
  pages={246--263},
  year={1886},
  publisher={JSTOR}
}

@book{kelley,
  title={Interpretation of educational measurements.},
  author={Kelley, Truman Lee},
  year={1927},
  publisher={World Book Co.}
}

@article{efronMorris,
  title={Stein's estimation rule and its competitorsâ€”an empirical Bayes approach},
  author={Efron, Bradley and Morris, Carl},
  journal={Journal of the American Statistical Association},
  volume={68},
  number={341},
  pages={117--130},
  year={1973},
  publisher={Taylor \& Francis Group}
}

@article{rubin,
  title={Estimation in parallel randomized experiments},
  author={Rubin, Donald B},
  journal={Journal of Educational Statistics},
  volume={6},
  number={4},
  pages={377--401},
  year={1981},
  publisher={Sage Publications Sage CA: Thousand Oaks, CA}
}

@inproceedings{jamesStein,
  title={Estimation with quadratic loss},
  author={James, William and Stein, Charles},
  booktitle={Proceedings of the fourth Berkeley symposium on mathematical statistics and probability},
  volume={1},
  number={1961},
  pages={361--379},
  year={1961}
}